<?xml version="1.0" encoding="UTF-8"?><record xmlns="http://www.loc.gov/MARC21/slim" xmlns:cinclude="http://apache.org/cocoon/include/1.0" xmlns:zs="http://www.loc.gov/zing/srw/">
  <leader>00385cz  a2200121n  4500</leader>
  <controlfield tag="001">n 2012027827</controlfield>
  <controlfield tag="003">DLC</controlfield>
  <controlfield tag="005">20120426074922.0</controlfield>
  <controlfield tag="008">120425n| acannaabn          |n aaa      </controlfield>
  <datafield tag="010" ind1=" " ind2=" ">
    <subfield code="a">n 2012027827</subfield>
  </datafield>
  <datafield tag="040" ind1=" " ind2=" ">
    <subfield code="a">DLC</subfield>
    <subfield code="b">eng</subfield>
    <subfield code="c">DLC</subfield>
  </datafield>
  <datafield tag="100" ind1="1" ind2=" ">
    <subfield code="a">Chavarochette, Carine</subfield>
  </datafield>
  <datafield tag="670" ind1=" " ind2=" ">
    <subfield code="a">FrontieĚres et identiteĚs en terres mayas, c2011:</subfield>
    <subfield code="b">t.p. (Carine Chavarochette) cover p. 4 (anthropologist and historian)</subfield>
  </datafield>
</record>